<record><leader>00000cas a22000007a 4500</leader><controlfield tag="001">17249518</controlfield><controlfield tag="008">871217c19659999pauwr ne      0    0eng d</controlfield><datafield ind1=" " ind2=" " tag="010"><subfield code="a">sn 87078603 </subfield></datafield><datafield ind1=" " ind2=" " tag="040"><subfield code="a">NPH</subfield><subfield code="b">eng</subfield><subfield code="c">NPH</subfield><subfield code="d">OCLCQ</subfield></datafield><datafield ind1=" " ind2=" " tag="042"><subfield code="a">msc</subfield></datafield><datafield ind1="0" ind2=" " tag="130"><subfield code="a">Advertiser (McMurray, Pa.)</subfield></datafield><datafield ind1="1" ind2="4" tag="245"><subfield code="a">The advertiser.</subfield></datafield><datafield ind1=" " ind2=" " tag="260"><subfield code="a">McMurray, Pa. :</subfield><subfield code="b">Publix Publications</subfield></datafield><datafield ind1=" " ind2=" " tag="300"><subfield code="a">v. :</subfield><subfield code="b">ill. ;</subfield><subfield code="c">35 cm.</subfield></datafield><datafield ind1=" " ind2=" " tag="310"><subfield code="a">Weekly</subfield></datafield><datafield ind1="1" ind2=" " tag="362"><subfield code="a">Began in 1965?</subfield></datafield><datafield ind1=" " ind2=" " tag="500"><subfield code="a">"To homes in Peters Township, Canonsburg, Houston, McMurray, Eighty Four, Bethel Park, Strabane, Upper St. Clair, Cecil, Lawrence, Muse, Southview, Hendersonville and Venetia."</subfield></datafield><datafield ind1=" " ind2=" " tag="500"><subfield code="a">Publisher: Richard L. Barnes, &lt;1987&gt;.</subfield></datafield><datafield ind1=" " ind2=" " tag="588"><subfield code="a">Description based on: Vol. 17, no. 2 (Jan. 14, 1981).</subfield></datafield><datafield ind1=" " ind2=" " tag="752"><subfield code="a">United States</subfield><subfield code="b">Pennsylvania</subfield><subfield code="c">Washington</subfield><subfield code="d">McMurray.</subfield></datafield><datafield ind1=" " ind2=" " tag="752"><subfield code="a">United States</subfield><subfield code="b">Pennsylvania</subfield><subfield code="c">Allegheny.</subfield></datafield></record>